%Blibliographie 
% Pour créer une bibliographie, vous pouvez utiliser le site https://www.scribbr.fr/normes-apa/bibliographie-aux-normes-apa/ Afin de générer des références bibliographiques au format APA et ensuite les exporter au format LaTeX.

@book{example2021,
  author = {Smith, John and Doe, Jane},
  title = {Introduction to Machine Learning},
  year = {2021},
  publisher = {TechBooks Publishing},
  edition = {2nd},
  address = {New York, USA}
}

@book{example2023,
  author = {Author Name},
  title = {Title of the Article},
  journal = {Journal Name},
  year = {2023},
  volume = {12},
  number = {3},
  pages = {45-67},
  publisher = {Publisher Name}
}

@online{exampleOnline2024,
  author = {Dupont, Alice},
  title = {Deep Learning Explained},
  year = {2024},
  url = {https://www.fictitiouswebsite.com/deep-learning-explained},
}

@article{example2022,
  author = {Martin, Pierre and Durand, Sophie},
  title = {Une étude sur les réseaux neuronaux},
  journal = {Journal des Sciences Informatiques},
  year = {2022},
  volume = {10},
  number = {2},
  pages = {123-130},
}